@misc{Bache+Lichman:2013,
author = "K. Bache and M. Lichman",
year = "2013",
title = "{UCI} Machine Learning Repository",
url = "http://archive.ics.uci.edu/ml",
institution = "University of California, Irvine, School of Information and Computer Sciences" }

@article{Hall:2009,
 author = {Hall, Mark and Frank, Eibe and Holmes, Geoffrey and Pfahringer, Bernhard and Reutemann, Peter and Witten, Ian H.},
 title = {The WEKA Data Mining Software: An Update},
 journal = {SIGKDD Explor. Newsl.},
 issue_date = {June 2009},
 volume = {11},
 number = {1},
 month = nov,
 year = {2009},
 issn = {1931-0145},
 pages = {10--18},
 numpages = {9},
 url = {http://doi.acm.org/10.1145/1656274.1656278},
 doi = {10.1145/1656274.1656278},
 acmid = {1656278},
 publisher = {ACM},
 address = {New York, NY, USA},
}

@article{barros2012,
  title={A survey of evolutionary algorithms for decision-tree induction},
  author={Barros, Rodrigo Coelho and Basgalupp, Marcio Porto and De Carvalho, ACPLF and Freitas, Alex Alves},
  journal={Systems, Man, and Cybernetics, Part C: Applications and Reviews, IEEE Transactions on},
  volume={42},
  number={3},
  pages={291--312},
  year={2012},
  publisher={IEEE}
}

@incollection{schmidt2011,
  title={Age-fitness pareto optimization},
  author={Schmidt, Michael and Lipson, Hod},
  booktitle={Genetic Programming Theory and Practice VIII},
  pages={129--146},
  year={2011},
  publisher={Springer}
}
